@inproceedings{SynthesisOfReactiveModule,
 author = {Pnueli, A. and Rosner, R.},
 title = {On the Synthesis of a Reactive Module},
 booktitle = {Proceedings of the 16th ACM SIGPLAN-SIGACT Symposium on Principles of Programming Languages},
 series = {POPL '89},
 year = {1989},
 isbn = {0-89791-294-2},
 location = {Austin, Texas, USA},
 pages = {179--190},
 numpages = {12},
 url = {http://doi.acm.org/10.1145/75277.75293},
 doi = {10.1145/75277.75293},
 acmid = {75293},
 publisher = {ACM}
}

@inproceedings(AdmissibleInfiniteGames,
 author       = "Marco Faella",
 year         = "2009",
 title        = "Admissible Strategies in Infinite Games over Graphs",
 booktitle    = "Mathematical Foundations of Computer Science (MFCS'09)",
 series       = "LNCS",
 volume       = "5734",
 publisher    = "Springer",
 pages        = "307--318",
 doi          = "10.1007/978-3-642-03816-7\_27",
)

@incollection{CompositionalSynthesis,
year={2014},
booktitle={FM 2014: Formal Methods},
volume={8442},
series={LNCS},
editor={Jones, Cliff and Pihlajasaari, Pekka and Sun, Jun},
title={Automatic Compositional Synthesis of Distributed Systems},
publisher={Springer International Publishing},
author={Damm, Werner and Finkbeiner, Bernd},
pages={179-193}
}

@inproceedings{PerimeterOfWorldModel,
AUTHOR = "Werner Damm and Bernd Finkbeiner",
TITLE = "Does It Pay to Extend the Perimeter of a World Model?",
YEAR = 2011,
BOOKTITLE = "17th International Symposium on Formal Methods ({FM} 2011)",
volume    = {6664},
  series    = {LNCS},
  publisher = {Springer},
  year      = {2011},
}

@inproceedings{SynthesisInfiniteGames,
  author    = {Wolfgang Thomas},
  title     = {On the Synthesis of Strategies in Infinite Games},
  booktitle = {{STACS}},
  pages     = {1--13},
  year      = {1995},
  url       = {https://doi.org/10.1007/3-540-59042-0\_57},
  doi       = {10.1007/3-540-59042-0\_57},
  timestamp = {Sat, 20 May 2017 15:32:48 +0200},
  biburl    = {https://dblp.org/rec/bib/conf/stacs/Thomas95},
  bibsource = {dblp computer science bibliography, https://dblp.org}
}


@inproceedings{OmegaRegularGames,
 author = {Brenguier, Romain and Raskin, Jean-Fran\c{c}ois and Sassolas, Mathieu},
 title = {The Complexity of Admissibility in Omega-regular Games},
 booktitle = {Proceedings of the Joint Meeting of the Twenty-Third EACSL Annual Conference on Computer Science Logic (CSL) and the Twenty-Ninth Annual ACM/IEEE Symposium on Logic in Computer Science (LICS)},
 series = {CSL-LICS '14},
 year = {2014},
 isbn = {978-1-4503-2886-9},
 location = {Vienna, Austria},
 pages = {23:1--23:10},
 articleno = {23},
 numpages = {10},
 url = {http://doi.acm.org/10.1145/2603088.2603143},
 doi = {10.1145/2603088.2603143},
 acmid = {2603143},
 publisher = {ACM},
 keywords = {LTL, Muller games, admissible strategies, games, safety, synthesis},
} 

@inproceedings{AssumptionSynthesis,
  author    = {Roderick Bloem and
               R{\"{u}}diger Ehlers and
               Swen Jacobs and
               Robert K{\"{o}}nighofer},
  title     = {How to Handle Assumptions in Synthesis},
  booktitle = {Proceedings 3rd Workshop on Synthesis, {SYNT} 2014, Vienna, Austria,
               July 23-24, 2014.},
  year      = {2014},
  pages     = {34--50},
  url       = {http://dx.doi.org/10.4204/EPTCS.157.7},
}


@proceedings{AutomataLogicsInfiniteGames,
  editor    = {Erich Gr{\"{a}}del and
               Wolfgang Thomas and
               Thomas Wilke},
  title     = {Automata, Logics, and Infinite Games: {A} Guide to Current Research
               [outcome of a Dagstuhl seminar, February 2001]},
  series    = {LNCS},
  volume    = {2500},
  publisher = {Springer},
  year      = {2002}
}

@article{ElementaryCircuits,
author = {B. Johnson, Donald},
year = {1975},
month = {03},
pages = {77-84},
title = {Finding All the Elementary Circuits of a Directed Graph},
volume = {4},
journal = {SIAM J. Comput.},
doi = {10.1137/0204007}
}

@inproceedings{RationalSynthesis,
  author    = {Dana Fisman and
               Orna Kupferman and
               Yoad Lustig},
  title     = {Rational Synthesis},
  booktitle = {{TACAS} 2010},
  pages     = {190--204},
  series    = {LNCS},
  volume    = {6015},
  publisher = {Springer},
  year      = {2010}
}
